@article{Ciraci+etal2013,
  title =	 {Far-field analysis of axially symmetric
                  three-dimensional directional cloaks},
  author =	 {Cirac{\`\i}, Cristian and Urzhumov, Yaroslav and
                  Smith, David R},
  journal =	 {Optics express},
  volume =	 21,
  number =	 8,
  pages =	 {9397--9406},
  year =	 2013,
  publisher =	 {Optical Society of America}
}
@TechReport{TEAT-7262,
  title =	 {Verification of radome problems---{Part I}},
  author =	 {Kristensson, Gerhard},
  number =	 {LUTEDX/(TEAT-7262)/1-30/(2018)},
  institution =	 {Dept Electrical and Information Technology, Lund
                  University, Sweden},
  year =	 2018
}
@TechReport{TEAT-7270,
  title =	 {Verification of radome problems---{Part II}},
  author =	 {Kristensson, Gerhard},
  number =	 {LUTEDX/(TEAT-7270)/1-26/(2020)},
  institution =	 {Dept Electrical and Information Technology, Lund
                  University, Sweden},
  year =	 2020
}

@TechReport{TEAT-7273,
  title =	 {Computation of radome reference cases using a rotationally symmetric full wave solver},
  author =	 {Sj\"oberg, Daniel},
  number =	 {LUTEDX/(TEAT-7273)/1--23/(2022)},
  institution =	 {Dept Electrical and Information Technology, Lund
                  University, Sweden},
  year =	 2022
}

@TechReport{SBD2021,
  author =	 {Michael Andersson and S\"oren Poulsen},
  number =	 301553776,
  institution =	 {Saab Dynamics},
  year =	 2021
}

@InBook{Taflove+etal2004,
  author =	 {Allen Taflove and Susan C. Hagness and Melinda
                  Piket-May},
  title =	 {The Electrical Engineering Handbook},
  chapter =	 {Computational Electromagnetics: The
                  Finite-Difference Time-Domain Method},
  publisher =	 {Elsevier},
  year =	 2004,
  pages =	 {629--670},
  note =	 {Editor-in-Chief Wai Kai Chen}
}

@Article{Wiscombe1980,
  author    = {Wiscombe, Warren J},
  title     = {Improved {M}ie scattering algorithms},
  journal   = {Applied optics},
  year      = {1980},
  volume    = {19},
  number    = {9},
  pages     = {1505--1509},
  doi       = {10.1364/ao.19.001505},
  publisher = {Optical Society of America},
}
@Book{VanBladel2007,
  author    = {van Bladel, J. G.},
  title     = {Electromagnetic Fields},
  year      = {2007},
  edition   = {second},
  publisher = {IEEE Press},
  doi       = {10.1002/047012458x},
  address   = {Piscataway, NJ},
}
@Book{Abramowitz+Stegun1970,
  Title                    = {Handbook of Mathematical Functions},
  Editor                   = {Abramowitz, M. and Stegun, I. A.},
  Publisher                = {National Bureau of Standards},
  Year                     = {1970},

  Address                  = {Washington DC},
  Series                   = {Applied Mathematics Series No. 55}
}
@misc{Baratta+etal2023,
  title     = {{DOLFINx}: the next generation {FEniCS} problem solving environment},
  author    = {Baratta, Igor A. and Dean, Joseph P. and Dokken, J{\o}rgen S. and Habera, Michal and Hale, Jack S. and Richardson, Chris N. and Rognes, Marie E. and Scroggs, Matthew W. and Sime, Nathan and Wells, Garth N.},
  doi       = {10.5281/zenodo.10447666},
  year      = {2023},
  howpublished = {preprint}
}
@article{Scroggs+etal2022a,
  title     = {Construction of arbitrary order finite element degree-of-freedom maps on polygonal and polyhedral cell meshes},
  author    = {Scroggs, Matthew W. and Dokken, J{\o}rgen S. and Richardson, Chris N. and Wells, Garth N.},
  journal   = {ACM Transactions on Mathematical Software},
  year      = {2022},
  volume    = {48},
  number    = {2},
  doi       = {10.1145/3524456},
  pages     = {{18:1--18:23}},
}
@article{Scroggs+etal2022b,
  title     = {Basix: a runtime finite element basis evaluation library},
  author    = {Scroggs, Matthew W. and Baratta, Igor A. and Richardson, Chris N. and Wells, Garth N.},
  journal   = {Journal of Open Source Software},
  year      = {2022},
  volume    = {7},
  number    = {73},
  doi       = {10.21105/joss.03982},
  pages     = {3982}
}
@article{Alnaes+etal2014,
  title     = {Unified Form Language: A domain-specific language for weak formulations of partial differential equations},
  author    = {Alnaes, Martin S. and Logg, Anders and {\O}lgaard, Kristian B. and Rognes, Marie E. and Wells, Garth N.},
  journal   = {{ACM} Transactions on Mathematical Software},
  year      = {2014},
  volume    = {40},
  doi       = {10.1145/2566630},
}
@InProceedings{Sjoberg2024,
  author =	 {Daniel Sj\"oberg},
  title =	 {Full Wave Verification of Radome Edge Scattering
                  Treatments Using Open Source Tools},
  booktitle =	 {European Conference on Antennas and Propagation
                  (EuCAP) 2024},
  year =	 2024,
  address =	 {Glasgow, UK}
}

@Book{Hansen1988,
  title     = {Spherical Near-Field Antenna Measurements},
  year      = {1988},
  editor    = {J. E. Hansen},
  series    = {{IEE} electromagnetic waves series},
  number    = {26},
  publisher = {Peter Peregrinus Ltd.},
  doi       = {10.1049/pbew026e},
  address   = {Stevenage, UK},
}
@inproceedings{Nitsche1971,
  title =	 {{\"U}ber ein Variationsprinzip zur L{\"o}sung von
                  Dirichlet-Problemen bei Verwendung von
                  Teilr{\"a}umen, die keinen Randbedingungen
                  unterworfen sind},
  author =	 {Nitsche, Joachim},
  booktitle =	 {Abhandlungen aus dem mathematischen Seminar der
                  Universit{\"a}t Hamburg},
  volume =	 36,
  number =	 1,
  pages =	 {9--15},
  year =	 1971,
  organization = {Springer}
}
@article{Geuzaine+Remacle2009,
  title =	 {Gmsh: A {3-D} finite element mesh generator with
                  built-in pre-and post-processing facilities},
  author =	 {Geuzaine, Christophe and Remacle,
                  Jean-Fran{\c{c}}ois},
  journal =	 {International journal for numerical methods in
                  engineering},
  volume =	 {79},
  number =	 {11},
  pages =	 {1309--1331},
  year =	 {2009},
  publisher =	 {Wiley Online Library}
}
@software{prahl_miepython_2025,
  author  = {Prahl, Scott},
  title   = {{miepython}: A Python library for Mie scattering calculations},
  url     = {https://github.com/scottprahl/miepython},
  doi     = {10.5281/zenodo.7949263},
  year    = {2025},
  version = {latest}
}
@book{Kozakoff2010,
  title =	 {Analysis of radome-enclosed antennas},
  author =	 {Kozakoff, Dennis J},
  year =	 2010,
  publisher =	 {Artech House}
}
@book{Shavit2018,
  title =	 {Radome electromagnetic theory and design},
  author =	 {Shavit, Reuven},
  year =	 2018,
  publisher =	 {John Wiley \& Sons}
}
@PhdThesis{Poulsen2006,
  Title =	 {Stealth radomes},
  Author =	 {S\"oren Poulsen},
  School =	 {Lund University},
  Year =	 2006,
  Address =	 {Department of Electroscience, Lund University,
                  P.O. Box 118, S-221 00 Lund, Sweden}
}
